<collection xmlns="http://www.loc.gov/MARC21/slim">
<record>
  <leader>01437nam0a22003011i 450 </leader>
  <controlfield tag="001">IT\ICCU\CNCE\049582</controlfield>
  <controlfield tag="005">20130404000000.0</controlfield>
  <datafield tag="012" ind1=" " ind2=" ">
    <subfield code="a">e.o- bie: miro coni (C) 1511 (R)</subfield>
    <subfield code="2">fei</subfield>
  </datafield>
  <datafield tag="100" ind1=" " ind2=" ">
    <subfield code="a">19991108d1511        0itac0103    ba</subfield>
  </datafield>
  <datafield tag="101" ind1=" " ind2=" ">
    <subfield code="a">LAT</subfield>
  </datafield>
  <datafield tag="102" ind1=" " ind2=" ">
    <subfield code="a">IT</subfield>
  </datafield>
  <datafield tag="200" ind1="1" ind2=" ">
    <subfield code="a">Passio sanctorum martyrorum Faustini et Iovite Brixiensium</subfield>
  </datafield>
  <datafield tag="210" ind1=" " ind2=" ">
    <subfield code="e">Brixie</subfield>
    <subfield code="g">opera et impensa Ioannis Antonij Brixiani</subfield>
    <subfield code="h">1511</subfield>
  </datafield>
  <datafield tag="215" ind1=" " ind2=" ">
    <subfield code="a">\10! c.</subfield>
    <subfield code="d">4ʻ</subfield>
  </datafield>
  <datafield tag="620" ind1=" " ind2=" ">
    <subfield code="a">IT</subfield>
    <subfield code="d">Brescia</subfield>
  </datafield>
  <datafield tag="700" ind1=" " ind2="1">
    <subfield code="a">Ricci,</subfield>
    <subfield code="b">Giacomo</subfield>
    <subfield code="3">IT\ICCU\CNCA\001114</subfield>
  </datafield>
  <datafield tag="712" ind1="0" ind2="0">
    <subfield code="a">Bresciano, Giovanni Antonio</subfield>
    <subfield code="3">IT\ICCU\CNCT\000209</subfield>
    <subfield code="4">650</subfield>
  </datafield>
  <datafield tag="790" ind1=" " ind2="1">
    <subfield code="a">Riccius,</subfield>
    <subfield code="b">Iacobus</subfield>
    <subfield code="3">IT\ICCU\CNCA\023745</subfield>
    <subfield code="z">Ricci, Giacomo</subfield>
  </datafield>
  <datafield tag="790" ind1=" " ind2="1">
    <subfield code="a">Riccius,</subfield>
    <subfield code="b">Jacobus</subfield>
    <subfield code="3">IT\ICCU\CNCA\023746</subfield>
    <subfield code="z">Ricci, Giacomo</subfield>
  </datafield>
  <datafield tag="791" ind1="0" ind2="0">
    <subfield code="a">Morandi, Giovanni Antonio</subfield>
    <subfield code="3">IT\ICCU\CNCT\001137</subfield>
    <subfield code="z">Bresciano, Giovanni Antonio</subfield>
  </datafield>
  <datafield tag="791" ind1="0" ind2="0">
    <subfield code="a">Gandinas, Ioannes Antonius</subfield>
    <subfield code="3">IT\ICCU\CNCT\002378</subfield>
    <subfield code="z">Bresciano, Giovanni Antonio</subfield>
  </datafield>
  <datafield tag="791" ind1="0" ind2="0">
    <subfield code="a">Cegulus, Iohannes Antonius</subfield>
    <subfield code="3">IT\ICCU\CNCT\003064</subfield>
    <subfield code="z">Bresciano, Giovanni Antonio</subfield>
  </datafield>
  <datafield tag="791" ind1="0" ind2="0">
    <subfield code="a">Gandino, Ioannes Antonius de</subfield>
    <subfield code="3">IT\ICCU\CNCT\003654</subfield>
    <subfield code="z">Bresciano, Giovanni Antonio</subfield>
  </datafield>
  <datafield tag="791" ind1="0" ind2="0">
    <subfield code="a">Brixianus, Ioannes Antonius</subfield>
    <subfield code="3">IT\ICCU\CNCT\004774</subfield>
    <subfield code="z">Bresciano, Giovanni Antonio</subfield>
  </datafield>
  <datafield tag="791" ind1="0" ind2="0">
    <subfield code="a">Morandus, Ioannes Antonius</subfield>
    <subfield code="3">IT\ICCU\CNCT\004775</subfield>
    <subfield code="z">Bresciano, Giovanni Antonio</subfield>
  </datafield>
  <datafield tag="801" ind1=" " ind2="3">
    <subfield code="a">IT</subfield>
    <subfield code="b">ICCU</subfield>
    <subfield code="c">20201115</subfield>
  </datafield>
  <datafield tag="899" ind1=" " ind2=" ">
    <subfield code="a">Biblioteca civica Queriniana. Brescia</subfield>
    <subfield code="1">BS0026</subfield>
    <subfield code="2">ZBS 01</subfield>
  </datafield>
  <datafield tag="899" ind1=" " ind2=" ">
    <subfield code="a">Biblioteca nazionale Braidense. Milano</subfield>
    <subfield code="1">MI0185</subfield>
    <subfield code="2">MIL NB</subfield>
  </datafield>
</record>
</collection>
